
@techreport{SwsHouseholdPet2023,
    author = "{Angeline} {Marcelino}",
    title = "{SWS} {Pets} in 64% of {Filipino} households, plants in 67%",
    institution = "inquirerdotnet",
    year = 2023
}
@article{Overpopulation2024,
    author ="{Mars} {Consumer} & {Marketing Insights} {(CMI)}" ,
    title = "{Philippines} {State} of {Pet} {Homelessness} {Project}",
    journal ="{State} of {Pet} {Homelessness}" ,
    year = 2023
}
